@article{banosetal2014,
	AUTHOR = {Banos, Oresti and Galvez, Juan-Manuel and Damas, Miguel and Pomares, Hector and Rojas, Ignacio},
	TITLE = {Window Size Impact in Human Activity Recognition},
	JOURNAL = {Sensors},
	VOLUME = {14},
	YEAR = {2014},
	NUMBER = {4},
	PAGES = {6474--6499},
	URL = {http://www.mdpi.com/1424-8220/14/4/6474},
	PubMedID = {24721766},
	ISSN = {1424-8220},
	DOI = {10.3390/s140406474}
}


@misc{polarloop,
  author = "Polar Electro GmbH Deutschland",
  title = "Polar Loop",
  howpublished = "http://www.polar.com",
  note = "Accessed: 2015-05-03",
}


